<?xml version="1.0" encoding="UTF-8"?><record xmlns="http://www.loc.gov/MARC21/slim" xmlns:cinclude="http://apache.org/cocoon/include/1.0" xmlns:zs="http://www.loc.gov/zing/srw/">
  <leader>01048nz  a2200193n  4500</leader>
  <controlfield tag="001">n 2012223877</controlfield>
  <controlfield tag="003">DLC</controlfield>
  <controlfield tag="005">20130925080803.0</controlfield>
  <controlfield tag="008">130925n| azannaabn          |b aaa      </controlfield>
  <datafield tag="010" ind1=" " ind2=" ">
    <subfield code="a">n 2012223877</subfield>
  </datafield>
  <datafield tag="040" ind1=" " ind2=" ">
    <subfield code="a">DLC</subfield>
    <subfield code="b">eng</subfield>
    <subfield code="c">DLC</subfield>
    <subfield code="e">rda</subfield>
  </datafield>
  <datafield tag="100" ind1="1" ind2=" ">
    <subfield code="a">Shibl, Yūsuf ibn ʻAbd al-ʻAzīz ibn ʻAbd Allāh</subfield>
  </datafield>
  <datafield tag="373" ind1=" " ind2=" ">
    <subfield code="a">Jāmiʻat al-Imām Muḥammad ibn Saʻūd al-Islāmīyah bi-al-Riyāḍ</subfield>
  </datafield>
  <datafield tag="374" ind1=" " ind2=" ">
    <subfield code="a">Professor</subfield>
  </datafield>
  <datafield tag="375" ind1=" " ind2=" ">
    <subfield code="a">male</subfield>
  </datafield>
  <datafield tag="377" ind1=" " ind2=" ">
    <subfield code="a">ara</subfield>
  </datafield>
  <datafield tag="400" ind1="1" ind2=" ">
    <subfield code="a">‏شبل، يوسف بن عبد العزيز بن عبد الله</subfield>
  </datafield>
  <datafield tag="667" ind1=" " ind2=" ">
    <subfield code="a">Non-Latin script reference not evaluated.</subfield>
  </datafield>
  <datafield tag="670" ind1=" " ind2=" ">
    <subfield code="a">al-Āyāt al-mansūkhah ʻinda al-Suyūṭī fī kitābihi al-Itqān fī ʻulūm al-Qurʼān, 2012:</subfield>
    <subfield code="b">title page (د. يوسف بن عبد العزيز بن عبد الله الشبل = D. Yūsuf ibn ʻAbd al-ʻAzīz ibn ʻAbd Allāh al-Shibl, ʻuḍw hayʼat al-tadrīs bi-Jāmiʻat al-Imām Muḥammad ibn Saʻūd al-Islāmīyah bi-al-Riyāḍ) page 4 of cover (al-Shaykh al-Duktūr Yūsuf ibn ʻAbd al-ʻAzīz al-Shibl)</subfield>
  </datafield>
</record>